<?xml version="1.0" encoding="UTF-8"?><collection xmlns="http://www.loc.gov/MARC21/slim"><record><leader>00484nam--2200169-i-4500</leader><controlfield tag="001">000017046</controlfield><controlfield tag="002">20161230</controlfield><controlfield tag="005">20161230201032</controlfield><controlfield tag="008">060222s1000------------r-----000-0-eng-d</controlfield><datafield ind1=" " ind2=" " tag="040"><subfield code="a">IFIN-HH</subfield></datafield><datafield ind1=" " ind2=" " tag="080"><subfield code="a">520.8(043)</subfield></datafield><datafield ind1="1" ind2=" " tag="100"><subfield code="a">Damen, Eugenius Maria Franciscus</subfield></datafield><datafield ind1="1" ind2="0" tag="245"><subfield code="a">A study of x-ray bursts with exosat</subfield><subfield code="b">Dissertation</subfield><subfield code="c">Eugenius maria franciscus damen</subfield></datafield><datafield ind1=" " ind2=" " tag="260"><subfield code="a">Amsterdam</subfield><subfield code="b">Universiteit</subfield><subfield code="c">1990</subfield></datafield><datafield ind1=" " ind2=" " tag="300"><subfield code="a">189P</subfield></datafield><datafield ind1=" " ind2=" " tag="852"><subfield code="a">79825</subfield><subfield code="c">521/522</subfield></datafield><datafield ind1=" " ind2=" " tag="CAT"><subfield code="a">Sys</subfield><subfield code="c">20130827</subfield><subfield code="h">162049</subfield></datafield></record></collection>